@article{Goldwater200921,
title = {A Bayesian framework for word segmentation: Exploring the effects of context},
journal = {Cognition},
volume = {112},
number = {1},
pages = {21 - 54},
year = {2009},
author = {Sharon Goldwater and Thomas L. Griffiths and Mark Johnson},
}

